@article{Badalov2022-wt,
  title     = {Racial/ethnic differences in social determinants of health and health outcomes among adolescents and youth ages 10-24 years old: a scoping review},
  author    = {Badalov, Elizabeth and Blackler, Liz and Scharf, Amy E and Matsoukas, Konstantina and Chawla, Sanjay and Voigt, Louis P and Kuflik, Arthur},
  journal   = {Int. J. Equity Health},
  volume    = 21,
  number    = 1,
  pages     = {76},
  year      = 2022,
  publisher = {Springer Science and Business Media LLC}
}

@article{Cova2023-yw,
  title     = {Characterization of the social determinants of health faced by hospitalized patients},
  author    = {Cova, Erin and Natchiappan, Nivedha and Chi, Ling and Siccardi, Henry and Steele, Christopher},
  journal   = {Journal of General Internal Medicine},
  volume    = 38,
  number    = 1,
  pages     = {2639--2646},
  year      = 2023,
  publisher = {JAMA}
}

@article{HOOD2016129,
  title     = {County Health Rankings: Relationships Between Determinant Factors and Health Outcomes},
  author    = {Carlyn M. Hood and Keith P. Gennuso and Geoffrey R. Swain and Bridget B. Catlin},
  journal   = {American Journal of Preventive Medicine},
  volume    = 50,
  number    = 2,
  pages     = {129--135},
  year      = 2016,
  publisher = {Science Direct}
}

@article{Lua2023-tp,
  title     = {The effects of social determinants of health on acquired immune deficiency syndrome in a low-income population of Brazil: a retrospective cohort study of 28.3 million individuals},
  author    = {Lua, Iracema and Silva, Andrea F and Guimarães, Nathalia S and Magno, Laio and Pescarini, Julia and Anderle, Rodrigo V R and Ichihara, Maria Yury and Barreto, Mauricio L and Teles Santos, Carlos A S and Chenciner, Louisa and Souza, Luis Eugênio and Macinko, James and Dourado, Ines and Rasella, Davide},
  journal   = {Elsevier BV},
  volume    = 24,
  number    = 100554,
  pages     = {100554},
  year      = 2023,
  publisher = {BioMed Central}
}

@article{Monroe2023-uq,
  title     = {Racial/ethnic differences in social determinants of health and health outcomes among adolescents and youth ages 10-24 years old: a scoping review},
  author    = {Monroe, Patricia and Campbell, Jennifer A and Harris, Melissa and Egede, Leonard E},
  journal   = {BMC Public Health},
  volume    = 23,
  number    = 1,
  pages     = {410},
  year      = 2023,
  publisher = {BioMed Central}
}

@book{Allin2014-xn,
  title     = {Measuring the Levela dn Determinants of Health System Efficiency in Canada},
  author    = {Sara Allin and Diana Ridgeway and Li Wang and Erin Graves and Jean Harvey and Jeremy Veillard},
  publisher = {Canadian Institute for Health Information},
  address   = {Ottawa, Ontario},
  year      = 2014,
  note      = {ISBN 978-1-77109-268-5},
  url       = {https://secure.cihi.ca/free_products/HSE_TechnicalReport_EN_web.pdf}
}

@article{Yancy2020-cz,
  title     = {Racial/ethnic differences in social determinants of health and health outcomes among adolescents and youth ages 10-24 years old: a scoping review},
  author    = {Yancy, Clyde W},
  journal   = {JAMA},
  volume    = 323,
  number    = 19,
  pages     = {1891--1892},
  year      = 2020,
  publisher = {American Medical Association (AMA)}
}

@article{Swope_Hernández_2019,
  title     = {Housing as a determinant of health equity: A conceptual model},
  author    = {Swope, Carolyn B. and Hernández, Diana},
  journal   = {Social Science &amp;amp; Medicine},
  volume    = 243,
  pages     = {112571},
  year      = 2019,
  publisher = {PubMed Central}
}

@article{Buchmueller_Levinson_Levy_Wolfe_2016,
  title     = {Effect of the Affordable Care Act on Racial and Ethnic Disparities in Health Insurance Coverage},
  author    = {Buchmueller, Thomas C. and Levinson, Zachary M. and Levy, Helen G. and Wolfe, Barbara L.},
  journal   = {American Journal of Public Health},
  volume    = {106},
  number    = {8},
  pages     = {1416--1421},
  year      = {2016},
  publisher = {PubMed Central}
}


@misc{Liberty_Street_Economics_2021,
  title   = {Some Places Are Much More Unequal Than Others},
  url     = {https://libertystreeteconomics.newyorkfed.org/2019/10/some-places-are-much-more-unequal-than-others/},
  journal = {Liberty Street Economics},
  author  = {Abel, Jaison and Deitz, Richard},
  year    = {2021},
  month   = {Jun}
}

@misc{CTGov,
  title   = {Connecticut Sees Improvement in Attendance, and Math and Science Scores},
  url     = {https://portal.ct.gov/SDE/Press-Room/Press-Releases/2023/PR-112-Student-Assessment-Data},
  journal = {CT.gov},
  year    = {2023},
  author  = {CTGov}
}

@misc{MFoxCNBC_2020,
  title     = {Coronavirus Has Upended School Plans. It Will Also Worsen Racial and Economic Inequalities, Experts Warn},
  url       = {https://www.cnbc.com/2020/08/12/impact-of-covid-19-on-schools-will-worsen-racial-inequity-experts-say.html},
  journal   = {CNBC},
  publisher = {CNBC},
  author    = {MFoxCNBC},
  year      = {2020}
}

@book{IOM2006,
  title     = {Examining the Health Disparities Research Plan of the National Institutes of Health: Unfinished Business},
  author    = {Thomson, GE; Mitchell, F; Williams, MB},
  year      = {2006},
  publisher = {National Academies Press (US)},
  address   = {Washington, DC},
  note      = {D, Overview of Health Disparities},
  url       = {https://www.ncbi.nlm.nih.gov/books/NBK57034/}
}

@book{NCHS2004,
  title     = {Health, United States, 2004: With Chartbook on Trends in the Health of Americans},
  author    = {{National Center for Health Statistics (US)}},
  year      = {2004},
  month     = {Sep},
  publisher = {National Center for Health Statistics (US)},
  address   = {Hyattsville, MD},
  note      = {Report No.: 2004-1232},
  pmid      = {20698065}
}

@book{USDA_ERS2009,
  title     = {Access to Affordable and Nutritious Food: Measuring and Understanding Food Deserts and Their Consequences: Report to Congress},
  author    = {{US Department of Agriculture, Economic Research Service}},
  publisher = {US Department of Agriculture},
  year      = {2009}
}

@misc{Taylor2018,
  title   = {Housing and Health: An Overview of the Literature},
  author  = {Taylor, L.},
  journal = {Health Affairs Health Policy Brief},
  doi     = {10.1377/hpb20180313.396577},
  year    = {2018}
}

@article{Hudali2017,
  title   = {Reducing 30-Day Rehospitalization Rates Using a Transition of Care Clinic Model in a Single Medical Center},
  author  = {Hudali, T. and Robinson, R. and Bhattarai, M.},
  journal = {Adv Med},
  year    = {2017},
  volume  = {2017},
  pages   = {5132536},
  doi     = {10.1155/2017/5132536},
  note    = {Epub 2017 Aug 2},
  pmid    = {28831434},
  pmcid   = {PMC5558630}
}